@article{gitblame,
  author    = {Edwin Dauber and
               Aylin Caliskan Islam and
               Richard E. Harang and
               Rachel Greenstadt},
  title     = {Git Blame Who?: Stylistic Authorship Attribution of Small, Incomplete
               Source Code Fragments},
  journal   = {CoRR},
  volume    = {abs/1701.05681},
  year      = {2017},
  url       = {http://arxiv.org/abs/1701.05681},
  archivePrefix = {arXiv},
  eprint    = {1701.05681},
  timestamp = {Mon, 13 Aug 2018 16:49:15 +0200},
  biburl    = {https://dblp.org/rec/bib/journals/corr/DauberIHG17},
  bibsource = {dblp computer science bibliography, https://dblp.org}
}

@inproceedings{moss,
 author = {Schleimer, Saul and Wilkerson, Daniel S. and Aiken, Alex},
 title = {Winnowing: Local Algorithms for Document Fingerprinting},
 booktitle = {Proceedings of the 2003 ACM SIGMOD International Conference on Management of Data},
 series = {SIGMOD '03},
 year = {2003},
 isbn = {1-58113-634-X},
 location = {San Diego, California},
 pages = {76--85},
 numpages = {10},
 url = {http://doi.acm.org/10.1145/872757.872770},
 doi = {10.1145/872757.872770},
 acmid = {872770},
 publisher = {ACM},
 address = {New York, NY, USA},
} 

@techreport{jplag,
  added-at = {2007-09-26T10:37:27.000+0200},
  annote = {plagiarism detection},
  author = {Prechelt, L. and Malpohl, G. and Philippsen, M.},
  biburl = {https://www.bibsonomy.org/bibtex/2fb4dc55897938a37a405799953432448/evol},
  description = {The entire bibliography of the book "Software Evolution" co-edited by Tom Mens and Serge Demeyer, published by Springer in 2008},
  institution = {University of Karlsruhe, Department of Informatics},
  interhash = {45297c0fed874190dc0132bbb9ad33c8},
  intrahash = {fb4dc55897938a37a405799953432448},
  keywords = {},
  timestamp = {2008-10-30T17:07:13.000+0100},
  title = {{JPlag}: Finding plagiarisms among a set of programs},
  type = {Technical Report},
  year = 2000
}

@InProceedings{plag_survey,
  author =	{V{\'i}tor T. Martins and Daniela Fonte and Pedro Rangel Henriques and Daniela da Cruz},
  title =	{{Plagiarism Detection: A Tool Survey and Comparison}},
  booktitle =	{3rd Symposium on Languages, Applications and Technologies},
  pages =	{143--158},
  series =	{OpenAccess Series in Informatics (OASIcs)},
  ISBN =	{978-3-939897-68-2},
  ISSN =	{2190-6807},
  year =	{2014},
  volume =	{38},
  editor =	{Maria Jo{\~a}o Varanda Pereira and Jos{\'e} Paulo Leal and Alberto Sim{\~o}es},
  publisher =	{Schloss Dagstuhl--Leibniz-Zentrum fuer Informatik},
  address =	{Dagstuhl, Germany},
  URL =		{http://drops.dagstuhl.de/opus/volltexte/2014/4566},
  URN =		{urn:nbn:de:0030-drops-45667},
  doi =		{10.4230/OASIcs.SLATE.2014.143},
  annote =	{Keywords: software, plagiarism, detection, comparison, test}
}
